@inproceedings{Alta2015,
  author = {Amjad Altadmri and Neil C. C. Brown},
  title = {37 Million Compilations: Investigating Novice Programming Mistakes in Large-Scale Student Data},
  booktitle = {Proc.\ 2015 Technical Symposium on Computer Science Education ({SIGCSE'15})},
  year = {2015},
  publisher = {Association for Computing Machinery ({ACM})},
  doi = {10.1145/2676723.2677258},
  link = {https://doi.org/10.1145/2676723.2677258},
  local = {altadmri-2015-one-year-programming-mistakes.pdf},
  note = {\bibnote{Summarizes the types of errors made by thousands of novice Java programmers.}}
}

@inproceedings{Bark2005,
  author = {Lecia J. Barker and Kathy Garvin-Doxas and Eric Roberts},
  title = {What Can Computer Science Learn from a Fine Arts Approach to Teaching?},
  booktitle = {Proc.\ 2005 Technical Symposium on Computer Science Education ({SIGCSE'05})},
  year = {2005},
  pages = {421--425},
  url = {http://doi.acm.org/10.1145/1047344.1047482},
  doi = {10.1145/1047344.1047482},
  publisher = {Association for Computing Machinery ({ACM})},
  local = {barker-2005-fine-arts.pdf},
  note = {Looks at techniques that computing education can learn from fine arts education.}
} 

@article{Barn2002,
  doi = {10.1037/0033-2909.128.4.612},
  url = {https://doi.org/10.1037/0033-2909.128.4.612},
  year = {2002},
  publisher = {American Psychological Association},
  volume = {128},
  number = {4},
  pages = {612--637},
  author = {Susan M. Barnett and Stephen J. Ceci},
  title = {When and Where Do We Apply What We Learn?: A Taxonomy for Far Transfer},
  journal = {Psychological Bulletin},
  local = {barnett-2002-transfer.pdf},
  note = {Identifies nine different dimensions of ``far transfer'' and shows that discussion of its existence is muddied by confusion among them.}
}

@inproceedings{Beck2018,
  doi = {10.1145/3159450.3159461},
  url = {https://doi.org/10.1145/3159450.3159461},
  year = {2018},
  publisher = {Association for Computing Machinery ({ACM})},
  author = {Brett A. Becker and Kyle Goslin and Graham Glanville},
  title = {The Effects of Enhanced Compiler Error Messages on a Syntax Error Debugging Test},
  booktitle = {Proc.\ 2018 Technical Symposium on Computer Science Education ({SIGCSE'18})},
  local = {becker-2018-pre-existing-errors.pdf},
  note = {Had students remove syntax errors from code they did not write, and found a positive effect on number of errors fixed, but no overall effect on the number of non-compiling submissions or student scores, which may reconcile apparently contradictory results of earlier studies, and cautions that effects are weak.}
}

@misc{Benk2005,
  author = {Yochai Benkler},
  title = {Common Wisdom: Peer Production of Educational Materials},
  howpublished = {http://www.benkler.org/Common\_Wisdom.pdf},
  year = {2005},
  local = {benkler-2005-common-wisdom.pdf},
  note = {An influential early analysis of commons-based peer production that seems optimistic in retrospect.}
}

@inproceedings{Bouv2016,
  author = {Dennis Bouvier and Ellie Lovellette and John Matta and Bedour Alshaigy and Brett A. Becker and Michelle Craig and Jana Jackova and Robert McCartney and Kate Sanders and Mark Zarb},
  title = {Novice Programmers and the Problem Description Effect},
  booktitle = {Proc.\ 2016 Conference on Innovation and Technology in Computer Science Education ({ITiCSE'16})},
  year = {2016},
  isbn = {978-1-4503-4882-9},
  pages = {103--118},
  url = {http://doi.acm.org/10.1145/3024906.3024912},
  doi = {10.1145/3024906.3024912},
  publisher = {Association for Computing Machinery ({ACM})},
  local = {bouvier-2016-novice-problem-description-effect.pdf},
  note = {A large study that found that providing context for problems didn't make a difference to outcomes in introductory computing courses, but did affect motivation.}
} 

@inproceedings{Brow2014,
  author = {Neil C. C. Brown and Amjad Altadmri},
  title = {Investigating Novice Programming Mistakes},
  booktitle = {Proc.\ 2014 International Computing Education Research Conference ({ICER'14})},
  year = {2014},
  publisher = {Association for Computing Machinery ({ACM})},
  doi = {10.1145/2632320.2632343},
  link = {https://doi.org/10.1145/2632320.2632343},
  local = {brown-2014-educator-vs-learner-beliefs.pdf},
  note = {\bibnote{Uses data from over 100,000 students to show that educators know less than they think they do about the mistakes novice programmers make.}}
}

@inproceedings{Chun2004,
  doi = {10.1007/978-3-540-27859-7_2},
  url = {https://doi.org/10.1007/978-3-540-27859-7_2},
  year = {2004},
  publisher = {Springer},
  pages = {11--18},
  author = {Andy Hon Wai Chun},
  title = {The Agile Teaching/Learning Methodology and Its E-Learning Platform},
  booktitle = {Proc.\ 2004 International Conference on Web-Based Learning ({ICWL'04})},
  local = {chun-2004-agile-teaching.pdf},
  note = {Describes an effort to adapt the ideas of agile software development to teaching and an online platform to support it, the results of which look very much like what good teachers using classical methods do anyway.}
}

@article{Crou2004,
  author = {Catherine Crouch and Adam P. Fagen and J. Paul Callan and Eric Mazur},
  title = {Classroom Demonstrations: Learning Tools or Entertainment?},
  journal = {American Journal of Physics},
  volume = {72},
  number = {6},
  pages = {835-838},
  year = {2004},
  doi = {10.1119/1.1707018},
  local = {crouch-2004-classroom-demonstrations.pdf},
  note = {Found that learners who observe a demonstration do not learn better than those who did not see the demonstration.}
}

@article{DSou2015,
  doi = {10.17485/ijst/2015/v8i9/53274},
  url = {https://doi.org/10.17485/ijst/2015/v8i9/53274},
  year = {2015},
  month = {May},
  publisher = {Indian Society for Education and Environment},
  volume = {8},
  number = {9},
  pages = {828},
  author = {Manoj Joseph D'Souza and Paul Rodrigues},
  title = {Extreme Pedagogy: An Agile Teaching-Learning Methodology for Engineering Education},
  journal = {Indian Journal of Science and Technology},
  local = {dsouza-2015-extreme-pedagogy.pdf},
  note = {Another attempt apply agile development to teaching that doesn't recommend anything good teachers don't already do.}
}

@inproceedings{Duva2018,
  doi = {10.1145/3159450.3159596},
  url = {https://doi.org/10.1145/3159450.3159596},
  year = {2018},
  publisher = {Association for Computing Machinery ({ACM})},
  author = {Shannon Duvall and Dugald Ralph Hutchings and Robert C. Duvall},
  title = {Scrumage: A Method for Incorporating Multiple, Simultaneous Pedagogical Styles in the Classroom},
  booktitle = {Proc.\ 2018 Technical Symposium on Computer Science Education ({SIGCSE'18})},
  local = {duvall-2018-scrumage.pdf},
  note = {Describes an adaptation of Scrum practices to teaching.}
}

@inproceedings{Edwa2017,
  author = {Stephen H. Edwards and Nischel Kandru and Mukund B.M. Rajagopal},
  title = {Investigating Static Analysis Errors in Student {Java} Programs},
  booktitle = {Proc.\ 2017 Conference on International Computing Education Research ({ICER'17})},
  year = {2017},
  publisher = {Association for Computing Machinery ({ACM})},
  doi = {10.1145/3105726.3106182},
  link = {https://doi.org/10.1145/3105726.3106182},
  local = {edwards-2017-static-analysis.pdf},
  note = {Describes patterns found in static analysis reports of student code submissions, finding that coding errors at any point during development correlate with lower grades in the final submission.}
}

@inproceedings{Floy2017,
  doi = {10.1109/icse.2017.24},
  url = {https://doi.org/10.1109/icse.2017.24},
  year = {2017},
  month = {May},
  publisher = {Institute of Electrical and Electronics Engineers ({IEEE})},
  author = {Benjamin Floyd and Tyler Santander and Westley Weimer},
  title = {Decoding the Representation of Code in the Brain: An {fMRI} Study of Code Review and Expertise},
  booktitle = {Proc.\ 2017 International Conference on Software Engineering ({ICSE'17})},
  local = {floyd-2017-fmri-coding.pdf},
  note = {Reports an fMRI study of 29 people that found that the same brain regions are involved in reading code and prose, and the two are distinct activities that become more similar as people develop expertise.}
}

@inproceedings{Herm2016,
  doi = {10.1109/icpc.2016.7503706},
  url = {https://doi.org/10.1109/icpc.2016.7503706},
  year = {2016},
  month = {May},
  publisher = {Institute of Electrical and Electronics Engineers ({IEEE})},
  author = {Felienne Hermans and Efthimia Aivaloglou},
  title = {Do Code Smells Hamper Novice Programming? A Controlled Experiment on Scratch Programs},
  booktitle = {Proc.\ 2016 International Conference on Program Comprehension ({ICPC'16})},
  local = {hermans-2016-novice-code-smells.pdf},
  note = {A controlled experiment with 61 novice Scratch programmers found that students working with smelly code did worse overall, and that long methods decreased system understanding, while duplication made it harder for students to modify programs.}
}

@article{Hugh2010,
  doi = {10.1080/08993408.2010.507335},
  url = {https://doi.org/10.1080/08993408.2010.507335},
  year = {2010},
  month = {Sep},
  publisher = {Informa},
  volume = {20},
  number = {3},
  pages = {201--228},
  author = {Michael C. Hughes and Matthew C. Jadud and Ma. Mercedes T. Rodrigo},
  title = {String Formatting Considered Harmful for Novice Programmers},
  journal = {Computer Science Education},
  local = {hughes-2010-string-formatting.pdf},
  note = {Found that 8\% of compilation errors and 100\% of runtime exceptions in novices' first Java programs were caused by string formatting problems exacerbated by poor error reports about non-literal errors.}
}

@inproceedings{Kaze2017,
  author = {Ayaan M. Kazerouni and Stephen H. Edwards and Clifford A. Shaffer},
  title = {Quantifying Incremental Development Practices and Their Relationship to Procrastination},
  booktitle = {Proc.\ 2017 International Computing Education Research Conference ({ICER'17})},
  year = {2017},
  publisher = {Association for Computing Machinery ({ACM})},
  doi = {10.1145/3105726.3106180},
  link = {https://doi.org/10.1145/3105726.3106180},
  local = {kazerouni-2017-student-procrastination.pdf},
  note = {\bibnote{Reports that starting exercises early correlates with higher scores and earlier submission times, but finds no relationship with incremental testing or checking.}}
}

@inproceedings{Keun2017,
  doi = {10.1145/3059009.3059061},
  url = {https://doi.org/10.1145/3059009.3059061},
  year = 2017,
  publisher = {Association for Computing Machinery ({ACM})},
  author = {Hieke Keuning and Bastiaan Heeren and Johan Jeuring},
  title = {Code Quality Issues in Student Programs},
  booktitle = {Proc.\ 2017 Conference on Innovation and Technology in Computer Science Education ({ITiCSE'17})},
  local = {keuning-2017-code-quality.pdf},
  note = {Looked at student code quality using Blackbox data, and found that students usually don't fix issues, in particular issues related to modularization, and that use of tooling does not have much effect on the occurrence of issues.}
}

@inproceedings{Lawr2006,
  doi = {10.1109/icpc.2006.51},
  url = {https://doi.org/10.1109/icpc.2006.51},
  year = {2006},
  publisher = {Institute of Electrical and Electronics Engineers ({IEEE})},
  author = {Dawn Lawrie and Christopher Morrell and Henry Feild and Dave Binkley},
  title = {What's in a Name? A Study of Identifiers},
  booktitle = {Proc.\ 2006 International Conference on Program Comprehension ({ICPC'06})},
  local = {lawrie-2006-identifier-names.pdf},
  note = {Found that full-word variable names are easier to understand in general, but in many cases, short variable names aren't an impediment.}
}

@book{Merr2013,
  author = {M. David Merrill},
  title = {First Principles of Instruction: Identifying and Designing Effective, Efficient and Engaging Instruction},
  publisher = {Pfeiffer},
  year = {2013},
  isbn = {978-0470900406},
  url = {https://isbndb.com/book/0470900407},
  note = {Describes how to apply learning science principles.}
}

@article{Mill2014,
  doi = {10.1080/08993408.2014.952500},
  url = {https://doi.org/10.1080/08993408.2014.952500},
  year = {2014},
  month = {Jul},
  publisher = {Informa},
  volume = {24},
  number = {2-3},
  pages = {123--152},
  author = {Craig S. Miller},
  title = {Metonymy and Reference-Point Errors in Novice Programming},
  journal = {Computer Science Education},
  local = {miller-2014-reference-point-errors.pdf},
  note = {Reports two experiments showing that use of metonymy (referring to something structurally related to an actual subject) may explain some novice programming errors, and that students are more likely to produce reference-point errors that involve identifying attributes than descriptive attributes.}
}

@inproceedings{Morr2015,
  author = {Briana Morrison and Lauren E. Margulieux and Mark Guzdial},
  title = {Subgoals, Context, and Worked Examples in Learning Computing Problem Solving},
  booktitle = {Proc.\ 2015 International Computing Education Research Conference ({ICER'15})},
  year = {2015},
  pages = {21--29},
  numpages = {9},
  url = {http://doi.acm.org/10.1145/2787622.2787733},
  doi = {10.1145/2787622.2787733},
  publisher = {Association for Computing Machinery ({ACM})},
  local = {morrison-2015-subgoals.pdf},
  note = {Reports some unexpected non-effects from labelled subgoals in computing education.}
} 

@book{NRC2015,
  author = {National Research Council},
  title = {Reaching Students: What Research Says About Effective Instruction in Undergraduate Science and Engineering},
  isbn = {978-0-309-30043-8},
  doi = {10.17226/18687},
  url = {https://www.nap.edu/catalog/18687/reaching-students-what-research-says-about-effective-instruction-in-undergraduate},
  year = 2015,
  publisher = {The National Academies Press},
  note = {A summary of evidence-based findings in undergraduate STEM education.}
}

@book{Oram2010,
  editor = {Andy Oram and Greg Wilson},
  title = {Making Software: What Really Works and Why We Believe It},
  publisher = {O'Reilly Media},
  year = {2010},
  isbn = {0596808321},
  note = {Explores the question posed in the title, drawing on educational research for answers.}
}

@inproceedings{Port2011,
  doi = {10.1145/1999747.1999788},
  url = {https://doi.org/10.1145/1999747.1999788},
  author = {Leo Porter and Cynthia Bailey Lee and Beth Simon and Quintin Cutts and Daniel Zingaro},
  title = {Experience Report: A Multi-classroom Report on the Value of Peer Instruction},
  booktitle = {Proc.\ 2011 Conference on Innovation and Technology in Computer Science Education ({ITiCSE'11})},
  year = {2011},
  pages = {138--142},
  local = {porter-2011-value-peer-instruction.pdf},
  note = {Studies the (positive) value of peer instruction in introductory computing classes.}
}

@article{Repe2017,
  doi = {10.18293/vlss2017-010},
  url = {https://doi.org/10.18293/vlss2017-010},
  year  = {2017},
  month = {Jul},
  publisher = {{KSI} Research Inc.},
  volume = {3},
  number = {1},
  pages = {68--91},
  author = {Alexander Repenning},
  title = {Moving Beyond Syntax: Lessons from 20 Years of Blocks Programing in {AgentSheets}},
  journal = {Journal of Visual Languages and Sentient Systems},
  local = {repenning-2017-beyond-syntax.pdf},
  note = {Summarizes what the author has learned from building a blocks-based programming system.}
}

@inproceedings{Simo2006,
  doi = {10.1145/1151588.1151594},
  url = {https://doi.org/10.1145/1151588.1151594},
  year = {2006},
  publisher = {Association for Computing Machinery ({ACM})},
  author = {Beth Simon and Tzu-Yi Chen and Gary Lewandowski and Robert McCartney and Kate Sanders},
  title = {Commonsense Computing: What Students Know Before We Teach (Episode 1: Sorting)},
  booktitle = {Proc.\ 2006 International Computing Education Research Conference ({ICER'06})},
  local = {simon-2006-commonsense-computing.pdf},
  note = {Found that most CS1 students could describe a plausible algorithm to sort numbers in natural language on the first day of class, compared to only one third of general students, but that the CS students' ability decreased after ten weeks of instruction because they were trying too hard to include code-level details.}
}

@article{Tann2013,
  doi = {10.1187/cbe.13-06-0115},
  url = {https://doi.org/10.1187/cbe.13-06-0115},
  year = {2013},
  month = {Sep},
  publisher = {American Society for Cell Biology},
  volume = {12},
  number = {3},
  pages = {322--331},
  author = {Kimberly D. Tanner},
  title = {Structure Matters: Twenty-one Teaching Strategies to Promote Student Engagement and Cultivate Classroom Equity},
  journal = {Cell Biology Education},
  local = {tanner-2013-engagement-equity.pdf},
  note = {Presents and explains 21 strategies in five groups for making classes more engaging and equitable.}
}
